@article{kitaev,
    Author = {Alexei Kitaev},
    Title = {Unpaired Majorana fermions in quantum wires},
    Year = {2000},
    Eprint = {arXiv:cond-mat/0010440},
    Doi = {10.1070/1063-7869/44/10S/S29},
}

@misc{main,
    Author = {Stefan Backens and Alexander Shnirman and Yuriy Makhlin and Yuval Gefen and Johan E. Mooij and Gerd Schön},
    Title = {Emulating Majorana fermions and their braiding by Ising spin chains},
    Year = {2017},
    Eprint = {arXiv:1703.08224},
}

@article{braiding,
    Author = {Jason Alicea and Yuval Oreg and Gil Refael and Felix von Oppen and Matthew P. A. Fisher},
    Title = {Non-Abelian statistics and topological quantum information processing in 1D wire networks},
    Year = {2010},
    Eprint = {arXiv:1006.4395},
    Howpublished = {Nature Physics 7, 412-417 (2011)},
    Doi = {10.1038/nphys1915},
}

@misc{arrays,
    Author = {L. S. Levitov and T. P. Orlando and J. B. Majer and J. E. Mooij},
    Title = {Quantum spin chains and Majorana states in arrays of coupled qubits},
    Year = {2001},
    Eprint = {arXiv:cond-mat/0108266},
}

@article{flux_qubit,
    Author = {F. Yan and S. Gustavsson and A. Kamal and J. Birenbaum and A. P. Sears and D. Hover and D. Rosenberg and G. Samach and T. J. Gudmundsen and J. L. Yoder and T. P. Orlando and J. Clarke and A. J. Kerman and W. D. Oliver},
    Title = {The Flux Qubit Revisited to Enhance Coherence and Reproducibility},
    Year = {2015},
    Eprint = {arXiv:1508.06299},
    Howpublished = {Nature Communications 7, 12964 (2016)},
    Doi = {10.1038/ncomms12964},
}

@article{computation,
    Author = {Sankar Das Sarma and Michael Freedman and Chetan Nayak},
    Title = {Majorana Zero Modes and Topological Quantum Computation},
    Year = {2015},
    Eprint = {arXiv:1501.02813},
    Howpublished = {npj Quantum Information 1, 15001 (2015)},
    Doi = {10.1038/npjqi.2015.1},
}

@article{anyons,
    Author = {Chetan Nayak and Steven H. Simon and Ady Stern and Michael Freedman and Sankar Das Sarma},
    Title = {Non-Abelian Anyons and Topological Quantum Computation},
    Year = {2007},
    Eprint = {arXiv:0707.1889},
    Howpublished = {Rev. Mod. Phys. 80, 1083 (2008).},
    Doi = {10.1103/RevModPhys.80.1083},
}

@book{abragam,
    author = {Abragam, Anatole},
    title = {The Principles of Nuclear Magnetism},
    publisher = {Oxford University Press},
    year = 1983,
    isbn = {9780198520146},
}

@article{t1t2,
    Author = {Yuriy Makhlin and Gerd Schön and Alexander Shnirman},
    Title = {Dissipation in Josephson qubits},
    Year = {2003},
    Eprint = {arXiv:cond-mat/0309049},
    Howpublished = {In: New Directions in Mesoscopic Physics (Towards Nanoscience),
    pp. 197-224.Eds. R. Fazio, V. F. Gantmakher, and Y. Imry, Kluwer, Dordrecht,
    2003},
    Doi = {10.1016/j.chemphys.2003.09.025},
}